@misc{gowebsite,
  author = "Google Inc.",
  title = "The Go Programming Language",
  url = "https://golang.org/"
}

@misc{macaronwebsite,
  author = "@Unknwon",
  title = "Macaron",
  url = "https://go-macaron.com/"
}

@misc{bootstrapwebsite,
  author = "Bootstrap Core Team",
  title = "Bootstrap",
  url = "http://getbootstrap.com/"
}